@article{sacado,
  author    = {Eric T. Phipps and
               Roger P. Pawlowski},
  title     = {Efficient Expression Templates for Operator Overloading-based
               Automatic Differentiation},
  journal   = {CoRR},
  volume    = {abs/1205.3506},
  year      = {2012},
  url       = {http://arxiv.org/abs/1205.3506},
  timestamp = {Wed, 10 Oct 2012 21:28:52 +0200},
  biburl    = {http://dblp.uni-trier.de/rec/bib/journals/corr/abs-1205-3506},
  bibsource = {dblp computer science bibliography, http://dblp.org}
}
@article{dag,
  author     = {Notz, Patrick K. and
                Pawlowski, Roger P. and
                Sutherland, James C.},
  title      = {Graph-Based Software Design for Managing Complexity and
                Enabling Concurrency in Multiphysics PDE Software},
  journal    = {ACM Trans. Math. Softw.},
  issue_date = {November 2012},
  volume     = {39},
  number     = {1},
  month      = nov,
  year       = {2012},
  issn       = {0098-3500},
  pages      = {1:1--1:21},
  articleno  = {1},
  numpages   = {21},
  url        = {http://doi.acm.org/10.1145/2382585.2382586},
  doi        = {10.1145/2382585.2382586},
  acmid      = {2382586},
  publisher  = {ACM},
  address    = {New York, NY, USA},
  keywords   = {Scientific computing,
                multiphysics,
                object-oriented design,
                task graph}
}
@article{phalanx1,
  author     = {Pawlowski, Roger P. and
                Phipps, Eric T. and
                Salinger, Andrew G.},
  title      = {Automating Embedded Analysis Capabilities and Managing Software
                Complexity in Multiphysics Simulation, Part~I: Template-based
                Generic Programming},
  journal    = {Sci. Program.},
  issue_date = {April 2012},
  volume     = {20},
  number     = {2},
  month      = apr,
  year       = {2012},
  issn       = {1058-9244},
  pages      = {197--219},
  numpages   = {23},
  url        = {http://dx.doi.org/10.1155/2012/202071},
  doi        = {10.1155/2012/202071},
  acmid      = {2590407},
  publisher  = {IOS Press},
  address    = {Amsterdam, The Netherlands, The Netherlands},
  keywords   = {Automatic Differentiation,
                Generic Programming,
                Operator Overloading,
                Templating,
                Uncertainty Quantification}
}
@article{phalanx2,
  author     = {Pawlowski, Roger P. and
                Phipps, Eric T. and
                Salinger, Andrew G. and
                Owen, Steven J. and
                Siefert, Christopher M. and
                Staten, Matthew L.},
  title      = {Automating Embedded Analysis Capabilities and Managing Software
                Complexity in Multiphysics Simulation, Part II: Application to
                Partial Differential Equations},
  journal    = {Sci. Program.},
  issue_data = {July 2012},
  volume     = {20},
  number     = {3},
  month      = jul,
  year       = {2012},
  issn       = {1058-9244},
  pages      = {327--345},
  numpages   = {19},
  url        = {http://dx.doi.org/10.1155/2012/818262},
  doi        = {10.1155/2012/818262},
  acmid      = {25902480},
  publisher  = {IOS Press},
  address    = {Amsterdam, The Netherlands, The Netherlands},
  keywords   = {Automatic Differentiation,
                Finite Element Analysis,
                Generic Programming,
                Operator Overloading,
                Optimization,
                Partial Differential Equations,
                Templating,
                Uncertainty Quantification}
}
@article{dofManager,
  author = {Cyr, Eric C. and
            Hoemmen, Mark and
            Pawlowski, Roger P. and
            Seefeldt, Ben},
  title  = {Parallel Unknown Numbering for the Finite-Element Method},
  year   = {2017},
  note   = {Submitted to ACM TOMS}
}
