@string{SIREV="SIAM Rev."}
@string{SISC="SIAM J. Sci. Comput."}
@string{NLAA="Numer. Linear Algebra Appl."}
@string{COMPUTING="Computing"}
@string{COMPVIS="Comput. Vis. Sci."}
@string{TOMS="ACM Transactions on Mathematical Software"}

@article{TrilinosOverview,
 author = {Michael A. Heroux and Roscoe A. Bartlett and Vicki E. Howle and Robert J. Hoekstra and Jonathan J. Hu
 and Tamara G. Kolda and Richard B. Lehoucq and Kevin R. Long and Roger P. Pawlowski and Eric T. Phipps and Andrew
 G. Salinger and Heidi K. Thornquist and Ray S. Tuminaro and James M. Willenbring and Alan Williams and Kendall S.
 Stanley},
 title = {An overview of the {T}rilinos project},
 journal = TOMS,
 volume = {31},
 number = {3},
 year = {2005},
 issn = {0098-3500},
 pages = {397--423},
 doi = {http://doi.acm.org/10.1145/1089014.1089021},
 publisher = {ACM Press},
 address = {New York, NY, USA},
}
